
@electronic{JuliaLanguage:Homepage,
  title         = "The Julia Programming Language",
  url           = "https://julialang.org/",
  year          = "2025",
  month         = may,
}
